%% This BibTeX bibliography file was created using BibDesk.
%% http://bibdesk.sourceforge.net/

%% Created for Thierry BM at 2017-06-06 10:23:28 -0400 


%% Saved with string encoding Unicode (UTF-8) 



@book{von2007theory,
	Author = {Von Neumann, John and Morgenstern, Oskar},
	Date-Added = {2017-06-06 14:23:25 +0000},
	Date-Modified = {2017-06-06 14:23:25 +0000},
	Publisher = {Princeton university press},
	Title = {Theory of games and economic behavior},
	Year = {2007}}

@inproceedings{le2014distributed,
	Author = {Le, Quoc and Mikolov, Tomas},
	Booktitle = {Proceedings of the 31st International Conference on Machine Learning (ICML-14)},
	Date-Added = {2017-06-05 05:14:10 +0000},
	Date-Modified = {2017-06-05 05:14:10 +0000},
	Pages = {1188--1196},
	Title = {Distributed representations of sentences and documents},
	Year = {2014}}

@article{kuznetsov2017generalization,
	Author = {Kuznetsov, Vitaly and Mohri, Mehryar},
	Date-Added = {2017-06-04 07:56:25 +0000},
	Date-Modified = {2017-06-04 07:56:25 +0000},
	Journal = {Machine Learning},
	Number = {1},
	Pages = {93--117},
	Publisher = {Springer},
	Title = {Generalization bounds for non-stationary mixing processes},
	Volume = {106},
	Year = {2017}}

@book{scholkopf2001learning,
	Author = {Scholkopf, Bernhard and Smola, Alexander J},
	Date-Added = {2017-06-04 04:25:10 +0000},
	Date-Modified = {2017-06-04 04:25:10 +0000},
	Publisher = {MIT press},
	Title = {Learning with kernels: support vector machines, regularization, optimization, and beyond},
	Year = {2001}}

@article{fama1996multifactor,
	Author = {Fama, Eugene F. and French, Kenneth R.},
	Date-Added = {2017-05-24 15:24:33 +0000},
	Date-Modified = {2017-05-24 15:26:52 +0000},
	Journal = {The journal of finance},
	Number = {1},
	Pages = {55--84},
	Publisher = {Wiley Online Library},
	Title = {Multifactor explanations of asset pricing anomalies},
	Volume = {51},
	Year = {1996}}

@book{bishop2006pattern,
	Author = {Bishop, Christopher M.},
	Date-Added = {2017-05-23 15:05:02 +0000},
	Date-Modified = {2017-05-25 19:50:46 +0000},
	Publisher = {Springer},
	Series = {Information Science and Statistics},
	Title = {Pattern recognition and Machine Learning},
	Year = {2006}}

@article{fama1970efficient,
	Author = {Fama, Eugene F.},
	Date-Added = {2017-05-23 00:59:15 +0000},
	Date-Modified = {2017-05-24 15:27:16 +0000},
	Journal = {The journal of Finance},
	Number = {2},
	Pages = {383--417},
	Publisher = {JSTOR},
	Title = {Efficient capital markets: A review of theory and empirical work},
	Volume = {25},
	Year = {1970}}

@inproceedings{sridharan2009fast,
	Author = {Sridharan, Karthik and Shalev-Shwartz, Shai and Srebro, Nathan},
	Booktitle = {Advances in Neural Information Processing Systems},
	Date-Added = {2017-05-20 18:41:38 +0000},
	Date-Modified = {2017-05-20 18:41:38 +0000},
	Pages = {1545--1552},
	Title = {Fast rates for regularized objectives},
	Year = {2009}}

@book{boucheron2013concentration,
	Author = {Boucheron, St{\'e}phane and Lugosi, G{\'a}bor and Massart, Pascal},
	Date-Added = {2017-05-19 19:24:11 +0000},
	Date-Modified = {2017-05-19 19:24:11 +0000},
	Publisher = {Oxford university press},
	Title = {Concentration inequalities: A nonasymptotic theory of independence},
	Year = {2013}}

@book{boyd2004convex,
	Author = {Boyd, Stephen and Vandenberghe, Lieven},
	Date-Added = {2017-05-12 18:12:28 +0000},
	Date-Modified = {2017-05-12 18:12:28 +0000},
	Publisher = {Cambridge university press},
	Title = {Convex optimization},
	Year = {2004}}

@article{madan1998variance,
	Author = {Madan, Dilip B and Carr, Peter P and Chang, Eric C},
	Date-Added = {2017-05-09 13:50:56 +0000},
	Date-Modified = {2017-05-09 13:50:56 +0000},
	Journal = {European finance review},
	Number = {1},
	Pages = {79--105},
	Publisher = {Kluwer Academic Publishers},
	Title = {The variance gamma process and option pricing},
	Volume = {2},
	Year = {1998}}

@book{shreve2004stochastic,
	Author = {Shreve, Steven E.},
	Date-Added = {2017-05-09 13:45:51 +0000},
	Date-Modified = {2017-05-25 19:54:02 +0000},
	Publisher = {Springer Finance},
	Title = {Stochastic calculus for Finance II: Continuous-Time Models},
	Year = {2004}}

@unpublished{rudin2014big,
	Author = {Rudin, Cynthia and Vahn, Gah-Yi},
	Date-Added = {2017-05-08 15:45:50 +0000},
	Date-Modified = {2017-05-08 15:56:25 +0000},
	Note = {Article submitted to Operations Research},
	Publisher = {DSpace},
	Title = {The big data newsvendor: Practical insights from machine learning},
	Year = {2014}}

@techreport{olivares2015robust,
	Author = {Olivares-Nadal, Alba V and DeMiguel, V{\i}ctor},
	Date-Added = {2017-05-07 21:18:26 +0000},
	Date-Modified = {2017-05-07 21:18:26 +0000},
	Institution = {working paper},
	Title = {A Robust Perspective on Transaction Costs in Portfolio Optimization},
	Year = {2015}}

@article{brandt2009parametric,
	Author = {Brandt, Michael W and Santa-Clara, Pedro and Valkanov, Rossen},
	Date-Added = {2017-05-07 19:46:49 +0000},
	Date-Modified = {2017-05-07 19:46:49 +0000},
	Journal = {Review of Financial Studies},
	Number = {9},
	Pages = {3411--3447},
	Publisher = {Soc Financial Studies},
	Title = {Parametric portfolio policies: Exploiting characteristics in the cross-section of equity returns},
	Volume = {22},
	Year = {2009}}

@book{vapnik1998statistical,
	Author = {Vapnik, Vladimir},
	Date-Added = {2017-05-05 20:40:27 +0000},
	Date-Modified = {2017-05-05 20:42:02 +0000},
	Publisher = {Wiley New York},
	Title = {Statistical Learning Theory},
	Volume = {1},
	Year = {1998}}

@book{shapiro2009lectures,
	Author = {Shapiro, Alexander and Dentcheva, Darinka and Ruszczy{\'n}ski, Andrzej},
	Date-Added = {2017-04-06 22:17:45 +0000},
	Date-Modified = {2017-04-06 22:17:45 +0000},
	Publisher = {SIAM},
	Title = {Lectures on stochastic programming: modeling and theory},
	Year = {2009}}

@book{remillard2013statistical,
	Author = {R{\'e}millard, Bruno},
	Date-Added = {2017-04-05 15:18:50 +0000},
	Date-Modified = {2017-04-05 15:18:50 +0000},
	Publisher = {CRC Press},
	Title = {Statistical Methods for Financial Engineering},
	Year = {2013}}

@article{bousquet2002stability,
	Author = {Bousquet, Olivier and Elisseeff, Andr{\'e}},
	Date-Added = {2017-03-07 07:29:18 +0000},
	Date-Modified = {2017-03-07 07:29:18 +0000},
	Journal = {Journal of Machine Learning Research},
	Number = {Mar},
	Pages = {499--526},
	Title = {Stability and generalization},
	Volume = {2},
	Year = {2002}}

@article{kimeldorf1971some,
	Author = {Kimeldorf, George and Wahba, Grace},
	Date-Added = {2017-02-03 15:04:00 +0000},
	Date-Modified = {2017-02-03 15:04:00 +0000},
	Journal = {Journal of mathematical analysis and applications},
	Number = {1},
	Pages = {82--95},
	Publisher = {Elsevier},
	Title = {Some results on Tchebycheffian spline functions},
	Volume = {33},
	Year = {1971}}

@book{mohri2012foundations,
	Author = {Mohri, Mehryar and Rostamizadeh, Afshin and Talwalkar, Ameet},
	Date-Added = {2017-02-03 15:00:51 +0000},
	Date-Modified = {2017-02-03 15:00:51 +0000},
	Publisher = {MIT press},
	Title = {Foundations of machine learning},
	Year = {2012}}

@article{markowitz2014mean,
	Author = {Markowitz, Harry},
	Date-Added = {2017-01-24 20:09:52 +0000},
	Date-Modified = {2017-01-24 20:09:52 +0000},
	Journal = {European Journal of Operational Research},
	Number = {2},
	Pages = {346--355},
	Publisher = {Elsevier},
	Title = {Mean--variance approximations to expected utility},
	Volume = {234},
	Year = {2014}}

@article{bodnar2013equivalence,
	Author = {Bodnar, Taras and Parolya, Nestor and Schmid, Wolfgang},
	Date-Added = {2017-01-24 17:15:19 +0000},
	Date-Modified = {2017-01-24 17:15:19 +0000},
	Journal = {European Journal of Operational Research},
	Number = {3},
	Pages = {637--644},
	Publisher = {Elsevier},
	Title = {On the equivalence of quadratic optimization problems commonly used in portfolio theory},
	Volume = {229},
	Year = {2013}}

@article{fama1993common,
	Author = {Fama, Eugene F. and French, Kenneth R.},
	Date-Added = {2017-01-23 20:39:15 +0000},
	Date-Modified = {2017-05-08 15:58:48 +0000},
	Journal = {Journal of financial economics},
	Number = {1},
	Pages = {3--56},
	Publisher = {Elsevier},
	Title = {Common Risk Factors in the Returns on Stocks and Bonds},
	Volume = {33},
	Year = {1993}}

@article{ban2016machine,
	Author = {Ban, Gah-Yi and El Karoui, Noureddine and Lim, Andrew EB},
	Date-Added = {2017-01-23 20:36:57 +0000},
	Date-Modified = {2017-01-23 20:36:57 +0000},
	Journal = {Management Science},
	Publisher = {INFORMS},
	Title = {Machine learning and portfolio optimization},
	Year = {2016}}

@article{hazan2015online,
	Author = {Elad Hazan},
	Date-Added = {2017-01-23 17:38:20 +0000},
	Date-Modified = {2017-01-23 17:40:58 +0000},
	Journal = {Foundations and trends in optimization},
	Number = {3-4},
	Pages = {157-325},
	Title = {Introduction to Online Convex Optimization},
	Volume = {2},
	Year = {2015}}

@article{cover1991universal,
	Author = {Cover, Thomas M},
	Date-Added = {2017-01-23 17:36:24 +0000},
	Date-Modified = {2017-01-23 17:36:24 +0000},
	Journal = {Mathematical finance},
	Number = {1},
	Pages = {1--29},
	Publisher = {Wiley Online Library},
	Title = {Universal portfolios},
	Volume = {1},
	Year = {1991}}

@article{markowitz1952portfolio,
	Author = {Markowitz, Harry},
	Date-Added = {2017-01-23 17:30:39 +0000},
	Date-Modified = {2017-01-23 17:30:39 +0000},
	Journal = {The journal of finance},
	Number = {1},
	Pages = {77--91},
	Publisher = {Wiley Online Library},
	Title = {Portfolio selection},
	Volume = {7},
	Year = {1952}}

@article{cvxpy,
	Author = {Steven Diamond and Stephen Boyd},
	Journal = {Journal of Machine Learning Research},
	Number = {83},
	Pages = {1--5},
	Title = {{CVXPY}: A {P}ython-Embedded Modeling Language for Convex Optimization},
	Volume = {17},
	Year = {2016}}

@inproceedings{ecos,
	Author = {Domahidi, A. and Chu, E. and Boyd, S.},
	Booktitle = {European Control Conference (ECC)},
	Pages = {3071-3076},
	Title = {{ECOS}: {A}n {SOCP} solver for embedded systems},
	Year = {2013}}

@misc{cvx,
	Author = {Michael Grant and Stephen Boyd},
	Howpublished = {\url{http://cvxr.com/cvx}},
	Month = mar,
	Title = {{CVX}: Matlab Software for Disciplined Convex Programming, version 2.1},
	Year = 2014}

@incollection{gb08,
	Author = {Michael Grant and Stephen Boyd},
	Booktitle = {Recent Advances in Learning and Control},
	Editor = {V. Blondel and S. Boyd and H. Kimura},
	Note = {\url{http://stanford.edu/~boyd/graph_dcp.html}},
	Pages = {95--110},
	Publisher = {Springer-Verlag Limited},
	Series = {Lecture Notes in Control and Information Sciences},
	Title = {Graph implementations for nonsmooth convex programs},
	Year = 2008}
