%% This BibTeX bibliography file was created using BibDesk.
%% http://bibdesk.sourceforge.net/

%% Created for Thierry BM at 2017-01-23 15:39:19 -0500 


%% Saved with string encoding Unicode (UTF-8) 



@article{fama1993common,
	Author = {Fama, Eugene F and French, Kenneth R},
	Date-Added = {2017-01-23 20:39:15 +0000},
	Date-Modified = {2017-01-23 20:39:15 +0000},
	Journal = {Journal of financial economics},
	Number = {1},
	Pages = {3--56},
	Publisher = {Elsevier},
	Title = {Common risk factors in the returns on stocks and bonds},
	Volume = {33},
	Year = {1993}}

@article{ban2016machine,
	Author = {Ban, Gah-Yi and El Karoui, Noureddine and Lim, Andrew EB},
	Date-Added = {2017-01-23 20:36:57 +0000},
	Date-Modified = {2017-01-23 20:36:57 +0000},
	Journal = {Management Science},
	Publisher = {INFORMS},
	Title = {Machine learning and portfolio optimization},
	Year = {2016}}

@article{hazan2015online,
	Author = {Elad Hazan},
	Date-Added = {2017-01-23 17:38:20 +0000},
	Date-Modified = {2017-01-23 17:40:58 +0000},
	Journal = {Foundations and trends in optimization},
	Number = {3-4},
	Pages = {157-325},
	Title = {Introduction to Online Convex Optimization},
	Volume = {2},
	Year = {2015}}

@article{cover1991universal,
	Author = {Cover, Thomas M},
	Date-Added = {2017-01-23 17:36:24 +0000},
	Date-Modified = {2017-01-23 17:36:24 +0000},
	Journal = {Mathematical finance},
	Number = {1},
	Pages = {1--29},
	Publisher = {Wiley Online Library},
	Title = {Universal portfolios},
	Volume = {1},
	Year = {1991}}

@article{markowitz1952portfolio,
	Author = {Markowitz, Harry},
	Date-Added = {2017-01-23 17:30:39 +0000},
	Date-Modified = {2017-01-23 17:30:39 +0000},
	Journal = {The journal of finance},
	Number = {1},
	Pages = {77--91},
	Publisher = {Wiley Online Library},
	Title = {Portfolio selection},
	Volume = {7},
	Year = {1952}}
