%% This BibTeX bibliography file was created using BibDesk.
%% http://bibdesk.sourceforge.net/

%% Created for Thierry BM at 2016-07-27 16:29:56 -0400 


%% Saved with string encoding Unicode (UTF-8) 



@book{buhlmann2011statistics,
	Author = {B{\"u}hlmann, Peter and Van De Geer, Sara},
	Date-Added = {2016-07-27 20:29:50 +0000},
	Date-Modified = {2016-07-27 20:29:50 +0000},
	Publisher = {Springer Science \&amp; Business Media},
	Title = {Statistics for high-dimensional data: methods, theory and applications},
	Year = {2011}}

@book{hastie2015statistical,
	Author = {Hastie, Trevor and Tibshirani, Robert and Wainwright, Martin},
	Date-Added = {2016-07-05 19:58:37 +0000},
	Date-Modified = {2016-07-05 19:58:37 +0000},
	Publisher = {CRC Press},
	Title = {Statistical learning with sparsity: the lasso and generalizations},
	Year = {2015}}

@article{bartlett2002rademacher,
	Author = {Bartlett, Peter L and Mendelson, Shahar},
	Date-Added = {2016-07-04 22:10:11 +0000},
	Date-Modified = {2016-07-04 22:10:11 +0000},
	Journal = {Journal of Machine Learning Research},
	Number = {Nov},
	Pages = {463--482},
	Title = {Rademacher and Gaussian complexities: Risk bounds and structural results},
	Volume = {3},
	Year = {2002}}

@book{vidyasagar2013learning,
	Author = {Vidyasagar, Mathukumalli},
	Date-Added = {2016-07-04 18:54:02 +0000},
	Date-Modified = {2016-07-04 18:54:02 +0000},
	Publisher = {Springer Science \&amp; Business Media},
	Title = {Learning and generalisation: with applications to neural networks},
	Year = {2013}}

@book{anthony2009neural,
	Author = {Anthony, Martin and Bartlett, Peter L},
	Date-Added = {2016-07-04 18:52:57 +0000},
	Date-Modified = {2016-07-04 18:52:57 +0000},
	Publisher = {cambridge university press},
	Title = {Neural network learning: Theoretical foundations},
	Year = {2009}}

@article{Salmon09,
	Author = {F. Salmon},
	Journal = {WIRED Magazine},
	Title = {Recipe for disaster: the formula that killed Wall Street},
	Year = {2009}}

@book{ingersoll87,
	Author = {{J. E.} Ingersoll},
	Publisher = {Rowman \& Littlefield Publishers},
	Title = {Theory of Financial Decision Making},
	Year = {1987}}

@article{huangzhu10,
	Author = {D. Huang and S. Zhu and {F. J.} Fabozzi and M. Fukushima},
	Journal = {European Journal of Operations Research},
	Number = {1},
	Pages = {185-194},
	Title = {Portfolio selection under distributional uncertainty: A relative robust CVaR approach},
	Volume = {203},
	Year = {2010}}

@book{neumann44:tgeb,
	Author = {J. {von Neumann} and O. Morgenstern},
	Publisher = {Princeton University Press},
	Title = {Theory of Games and Economic Behavior},
	Year = {1944}}

@article{Esfahani15,
	Author = {{P. M.} Esfahani and Daniel Kuhn},
	Journal = {Working paper},
	Title = {Data-driven Distributionally Robust Optimization Using the Wasserstein Metric: Performance Guarantees and Tractable Reformulations},
	Year = {2015}}

@article{delageYe10,
	Author = {Erick Delage and Yinyu Ye},
	Journal = {Operations Research},
	Number = {3},
	Pages = {595-612},
	Title = {Distributionally Robust Optimization Under Moment Uncertainty with Application to Data-Driven Problems},
	Volume = {58},
	Year = {2010}}

@article{goldfarb03,
	Author = {D. Goldfarb and G. Iyengar},
	Journal = {Mathematics of Operations Research},
	Number = {1},
	Pages = {1-38},
	Title = {Robust Portfolio Selection Problems},
	Volume = {28},
	Year = {2003}}

@article{olivares2015robust,
	Author = {Olivares-Nadal, Alba V and DeMiguel, V{\i}ctor},
	Date-Added = {2016-05-19 23:25:57 +0000},
	Date-Modified = {2016-05-19 23:26:38 +0000},
	Journal = {Working paper},
	Title = {A Robust Perspective on Transaction Costs in Portfolio Optimization},
	Year = {2015}}

@article{brandt2009parametric,
	Author = {Brandt, Michael W and Santa-Clara, Pedro and Valkanov, Rossen},
	Date-Added = {2016-05-19 23:24:37 +0000},
	Date-Modified = {2016-05-19 23:24:37 +0000},
	Journal = {Review of Financial Studies},
	Number = {9},
	Pages = {3411--3447},
	Publisher = {Soc Financial Studies},
	Title = {Parametric portfolio policies: Exploiting characteristics in the cross-section of equity returns},
	Volume = {22},
	Year = {2009}}

@article{le2014distributed,
	Author = {Le, Quoc V and Mikolov, Tomas},
	Date-Added = {2016-05-19 22:54:22 +0000},
	Date-Modified = {2016-05-19 22:54:22 +0000},
	Journal = {arXiv preprint arXiv:1405.4053},
	Title = {Distributed representations of sentences and documents},
	Year = {2014}}

@article{fama1993common,
	Author = {Fama, Eugene F and French, Kenneth R},
	Date-Added = {2016-05-19 22:49:52 +0000},
	Date-Modified = {2016-05-19 22:49:52 +0000},
	Journal = {Journal of financial economics},
	Number = {1},
	Pages = {3--56},
	Publisher = {Elsevier},
	Title = {Common risk factors in the returns on stocks and bonds},
	Volume = {33},
	Year = {1993}}

@article{hazan2007logarithmic,
	Author = {Hazan, Elad and Agarwal, Amit and Kale, Satyen},
	Date-Added = {2016-05-19 22:39:06 +0000},
	Date-Modified = {2016-05-19 22:39:06 +0000},
	Journal = {Machine Learning},
	Number = {2-3},
	Pages = {169--192},
	Publisher = {Springer},
	Title = {Logarithmic regret algorithms for online convex optimization},
	Volume = {69},
	Year = {2007}}

@article{madan1998variance,
	Author = {Madan, Dilip B and Carr, Peter P and Chang, Eric C},
	Date-Added = {2016-05-19 20:51:06 +0000},
	Date-Modified = {2016-05-19 20:51:06 +0000},
	Journal = {European finance review},
	Number = {1},
	Pages = {79--105},
	Publisher = {Kluwer Academic Publishers},
	Title = {The variance gamma process and option pricing},
	Volume = {2},
	Year = {1998}}

@article{fama1991efficient,
	Author = {Fama, Eugene F},
	Date-Added = {2016-05-16 20:57:41 +0000},
	Date-Modified = {2016-05-16 20:57:41 +0000},
	Journal = {The journal of finance},
	Number = {5},
	Pages = {1575--1617},
	Publisher = {Wiley Online Library},
	Title = {Efficient capital markets: II},
	Volume = {46},
	Year = {1991}}

@article{malkiel1970efficient,
	Author = {Malkiel, Burton G and Fama, Eugene F},
	Date-Added = {2016-05-16 20:35:45 +0000},
	Date-Modified = {2016-05-16 20:35:45 +0000},
	Journal = {The journal of Finance},
	Number = {2},
	Pages = {383--417},
	Publisher = {Wiley Online Library},
	Title = {Efficient capital markets: A review of theory and empirical work},
	Volume = {25},
	Year = {1970}}

@inproceedings{sridharan2009fast,
	Author = {Sridharan, Karthik and Shalev-Shwartz, Shai and Srebro, Nathan},
	Booktitle = {Advances in Neural Information Processing Systems},
	Date-Added = {2016-05-15 18:32:33 +0000},
	Date-Modified = {2016-05-15 18:32:33 +0000},
	Pages = {1545--1552},
	Title = {Fast rates for regularized objectives},
	Year = {2009}}

@inproceedings{qiu2015robust,
	Author = {Qiu, Huitong and Han, Fang and Liu, Han and Caffo, Brian},
	Booktitle = {Advances in Neural Information Processing Systems},
	Date-Added = {2016-05-11 14:56:50 +0000},
	Date-Modified = {2016-05-11 14:56:50 +0000},
	Pages = {46--54},
	Title = {Robust Portfolio Optimization},
	Year = {2015}}

@article{laurent2000adaptive,
	Author = {Laurent, Beatrice and Massart, Pascal},
	Date-Added = {2016-05-09 20:36:03 +0000},
	Date-Modified = {2016-05-09 20:36:03 +0000},
	Journal = {Annals of Statistics},
	Pages = {1302--1338},
	Publisher = {JSTOR},
	Title = {Adaptive estimation of a quadratic functional by model selection},
	Year = {2000}}

@article{cover1991universal,
	Author = {Cover, Thomas M},
	Date-Added = {2016-04-07 14:04:54 +0000},
	Date-Modified = {2016-04-07 14:04:54 +0000},
	Journal = {Mathematical finance},
	Number = {1},
	Pages = {1--29},
	Publisher = {Wiley Online Library},
	Title = {Universal portfolios},
	Volume = {1},
	Year = {1991}}

@article{rudin2015big,
	Author = {Rudin, Cynthia and Vahn, Gah-Yi},
	Date-Added = {2016-04-07 13:36:54 +0000},
	Date-Modified = {2016-04-07 13:36:54 +0000},
	Journal = {Available at SSRN 2559116},
	Title = {The big data newsvendor: Practical insights from machine learning},
	Year = {2015}}

@book{eeckhoudt2005economic,
	Author = {Eeckhoudt, Louis and Gollier, Christian and Schlesinger, Harris},
	Date-Added = {2016-04-06 14:33:39 +0000},
	Date-Modified = {2016-04-06 14:33:39 +0000},
	Publisher = {Princeton University Press},
	Title = {Economic and financial decisions under risk},
	Year = {2005}}

@book{mohri2012foundations,
	Author = {Mohri, Mehryar and Rostamizadeh, Afshin and Talwalkar, Ameet},
	Date-Added = {2016-04-06 14:32:43 +0000},
	Date-Modified = {2016-04-06 14:32:43 +0000},
	Publisher = {MIT press},
	Title = {Foundations of machine learning},
	Year = {2012}}

@book{boyd2004convex,
	Author = {Boyd, Stephen and Vandenberghe, Lieven},
	Date-Added = {2016-04-06 14:31:46 +0000},
	Date-Modified = {2016-04-06 14:31:46 +0000},
	Publisher = {Cambridge university press},
	Title = {Convex optimization},
	Year = {2004}}

@article{shalev2010learnability,
	Author = {Shalev-Shwartz, Shai and Shamir, Ohad and Srebro, Nathan and Sridharan, Karthik},
	Date-Added = {2016-04-06 14:30:41 +0000},
	Date-Modified = {2016-04-06 14:30:41 +0000},
	Journal = {The Journal of Machine Learning Research},
	Pages = {2635--2670},
	Publisher = {JMLR. org},
	Title = {Learnability, stability and uniform convergence},
	Volume = {11},
	Year = {2010}}

@inproceedings{kakade2009complexity,
	Author = {Kakade, Sham M and Sridharan, Karthik and Tewari, Ambuj},
	Booktitle = {Advances in neural information processing systems},
	Date-Added = {2016-04-06 00:06:36 +0000},
	Date-Modified = {2016-04-06 00:06:36 +0000},
	Pages = {793--800},
	Title = {On the complexity of linear prediction: Risk bounds, margin bounds, and regularization},
	Year = {2009}}

@article{ghosn1997multi,
	Author = {Ghosn, Joumana and Bengio, Yoshua},
	Date-Added = {2016-04-05 17:37:45 +0000},
	Date-Modified = {2016-04-05 17:37:45 +0000},
	Journal = {Advances in Neural Information Processing Systems},
	Pages = {946--952},
	Publisher = {Citeseer},
	Title = {Multi-task learning for stock selection},
	Year = {1997}}

@article{markowitz1952portfolio,
	Author = {Markowitz, Harry},
	Date-Added = {2016-04-05 17:18:55 +0000},
	Date-Modified = {2016-04-05 17:18:55 +0000},
	Journal = {The journal of finance},
	Number = {1},
	Pages = {77--91},
	Publisher = {Wiley Online Library},
	Title = {Portfolio selection},
	Volume = {7},
	Year = {1952}}

@inproceedings{koren2015fast,
	Author = {Koren, Tomer and Levy, Kfir},
	Booktitle = {Advances in Neural Information Processing Systems},
	Date-Added = {2016-04-05 17:17:09 +0000},
	Date-Modified = {2016-04-05 17:17:09 +0000},
	Pages = {1477--1485},
	Title = {Fast Rates for Exp-concave Empirical Risk Minimization},
	Year = {2015}}

@article{bousquet2002stability,
	Author = {Bousquet, Olivier and Elisseeff, Andr{\'e}},
	Date-Added = {2016-04-05 17:15:59 +0000},
	Date-Modified = {2016-04-05 17:15:59 +0000},
	Journal = {The Journal of Machine Learning Research},
	Pages = {499--526},
	Publisher = {JMLR. org},
	Title = {Stability and generalization},
	Volume = {2},
	Year = {2002}}
