%% This BibTeX bibliography file was created using BibDesk.
%% http://bibdesk.sourceforge.net/

%% Created for Thierry BM at 2016-05-15 14:32:46 -0400 


%% Saved with string encoding Unicode (UTF-8) 



@inproceedings{sridharan2009fast,
	Author = {Sridharan, Karthik and Shalev-Shwartz, Shai and Srebro, Nathan},
	Booktitle = {Advances in Neural Information Processing Systems},
	Date-Added = {2016-05-15 18:32:33 +0000},
	Date-Modified = {2016-05-15 18:32:33 +0000},
	Pages = {1545--1552},
	Title = {Fast rates for regularized objectives},
	Year = {2009}}

@inproceedings{qiu2015robust,
	Author = {Qiu, Huitong and Han, Fang and Liu, Han and Caffo, Brian},
	Booktitle = {Advances in Neural Information Processing Systems},
	Date-Added = {2016-05-11 14:56:50 +0000},
	Date-Modified = {2016-05-11 14:56:50 +0000},
	Pages = {46--54},
	Title = {Robust Portfolio Optimization},
	Year = {2015}}

@article{laurent2000adaptive,
	Author = {Laurent, Beatrice and Massart, Pascal},
	Date-Added = {2016-05-09 20:36:03 +0000},
	Date-Modified = {2016-05-09 20:36:03 +0000},
	Journal = {Annals of Statistics},
	Pages = {1302--1338},
	Publisher = {JSTOR},
	Title = {Adaptive estimation of a quadratic functional by model selection},
	Year = {2000}}

@article{cover1991universal,
	Author = {Cover, Thomas M},
	Date-Added = {2016-04-07 14:04:54 +0000},
	Date-Modified = {2016-04-07 14:04:54 +0000},
	Journal = {Mathematical finance},
	Number = {1},
	Pages = {1--29},
	Publisher = {Wiley Online Library},
	Title = {Universal portfolios},
	Volume = {1},
	Year = {1991}}

@article{rudin2015big,
	Author = {Rudin, Cynthia and Vahn, Gah-Yi},
	Date-Added = {2016-04-07 13:36:54 +0000},
	Date-Modified = {2016-04-07 13:36:54 +0000},
	Journal = {Available at SSRN 2559116},
	Title = {The big data newsvendor: Practical insights from machine learning},
	Year = {2015}}

@book{eeckhoudt2005economic,
	Author = {Eeckhoudt, Louis and Gollier, Christian and Schlesinger, Harris},
	Date-Added = {2016-04-06 14:33:39 +0000},
	Date-Modified = {2016-04-06 14:33:39 +0000},
	Publisher = {Princeton University Press},
	Title = {Economic and financial decisions under risk},
	Year = {2005}}

@book{mohri2012foundations,
	Author = {Mohri, Mehryar and Rostamizadeh, Afshin and Talwalkar, Ameet},
	Date-Added = {2016-04-06 14:32:43 +0000},
	Date-Modified = {2016-04-06 14:32:43 +0000},
	Publisher = {MIT press},
	Title = {Foundations of machine learning},
	Year = {2012}}

@book{boyd2004convex,
	Author = {Boyd, Stephen and Vandenberghe, Lieven},
	Date-Added = {2016-04-06 14:31:46 +0000},
	Date-Modified = {2016-04-06 14:31:46 +0000},
	Publisher = {Cambridge university press},
	Title = {Convex optimization},
	Year = {2004}}

@article{shalev2010learnability,
	Author = {Shalev-Shwartz, Shai and Shamir, Ohad and Srebro, Nathan and Sridharan, Karthik},
	Date-Added = {2016-04-06 14:30:41 +0000},
	Date-Modified = {2016-04-06 14:30:41 +0000},
	Journal = {The Journal of Machine Learning Research},
	Pages = {2635--2670},
	Publisher = {JMLR. org},
	Title = {Learnability, stability and uniform convergence},
	Volume = {11},
	Year = {2010}}

@inproceedings{kakade2009complexity,
	Author = {Kakade, Sham M and Sridharan, Karthik and Tewari, Ambuj},
	Booktitle = {Advances in neural information processing systems},
	Date-Added = {2016-04-06 00:06:36 +0000},
	Date-Modified = {2016-04-06 00:06:36 +0000},
	Pages = {793--800},
	Title = {On the complexity of linear prediction: Risk bounds, margin bounds, and regularization},
	Year = {2009}}

@article{ghosn1997multi,
	Author = {Ghosn, Joumana and Bengio, Yoshua},
	Date-Added = {2016-04-05 17:37:45 +0000},
	Date-Modified = {2016-04-05 17:37:45 +0000},
	Journal = {Advances in Neural Information Processing Systems},
	Pages = {946--952},
	Publisher = {Citeseer},
	Title = {Multi-task learning for stock selection},
	Year = {1997}}

@article{markowitz1952portfolio,
	Author = {Markowitz, Harry},
	Date-Added = {2016-04-05 17:18:55 +0000},
	Date-Modified = {2016-04-05 17:18:55 +0000},
	Journal = {The journal of finance},
	Number = {1},
	Pages = {77--91},
	Publisher = {Wiley Online Library},
	Title = {Portfolio selection},
	Volume = {7},
	Year = {1952}}

@inproceedings{koren2015fast,
	Author = {Koren, Tomer and Levy, Kfir},
	Booktitle = {Advances in Neural Information Processing Systems},
	Date-Added = {2016-04-05 17:17:09 +0000},
	Date-Modified = {2016-04-05 17:17:09 +0000},
	Pages = {1477--1485},
	Title = {Fast Rates for Exp-concave Empirical Risk Minimization},
	Year = {2015}}

@article{bousquet2002stability,
	Author = {Bousquet, Olivier and Elisseeff, Andr{\'e}},
	Date-Added = {2016-04-05 17:15:59 +0000},
	Date-Modified = {2016-04-05 17:15:59 +0000},
	Journal = {The Journal of Machine Learning Research},
	Pages = {499--526},
	Publisher = {JMLR. org},
	Title = {Stability and generalization},
	Volume = {2},
	Year = {2002}}
